2430 4118
137 244 177 304 aa
278 210 587 287 ELEMENT.
627 216 891 291 METAPH.
956 268 959 277 ·
992 291 999 303 ,

93 337 163 417 quia
183 350 250 397 cum
271 349 307 395 ea
327 344 387 392 non
410 342 539 409 pugnat,
559 343 707 394 creaturas
728 328 886 396 rationales
906 348 1095 413 procreare.

91 436 157 497 quae
178 411 278 493 suapte
309 425 417 476 natura
449 406 590 489 poscant,
607 416 654 476 'ut
674 409 704 473 in
735 411 839 475 ordine
861 410 1007 490 primaevo
1031 415 1097 483 stare

98 493 230 575 nuffiut,
250 509 301 557 aut
321 491 359 555 ab
380 510 418 555 eo
437 487 611 579 tundere,
631 488 815 571 Quinimmo
835 496 922 573 quum
947 492 996 559 hic
1019 494 1097 563 mair

94 574 255 640 moralibus
276 574 360 639 Deus
379 571 410 636 in
431 569 541 635 bouum
562 564 651 637 finem
670 584 791 650 utatur,
822 592 891 636 nam
916 582 957 639 'ea
1003 594 1098 657 uuum

92 654 233 723 induem
254 650 453 743 universorum
474 649 613 744 ordinata
642 652 730 730 sunt,
760 669 793 717 ut
813 651 943 748 disputat
964 594 1015 743 ἓ.
1040 660 1101 723 Au·

99 736 227 816 gudinus
246 737 288 814 (a
301 734 335 811 );
356 732 426 798 ande
445 748 539 812 magis
558 746 672 814 etiam,
691 742 735 799 ac·
747 752 839 813 magis
868 734 973 801 divina
997 736 1105 805 Muti·

99 831 412 965 censtctzolauffiffrzhm
424 892 644 987 degustatores,
664 893 916 989 quiquegenarjca
939 894 1107 991 disciplim·

100 993 167 1045 rum
190 976 344 1060 systemata
365 990 416 1039 aut
437 980 600 1054 ignorant„
620 992 671 1041 aut
693 997 753 1057 pra
780 988 888 1043 munus
918 976 1108 1049 brevitatut

95 1063 194 1139 canite
215 1058 251 1124 ad
272 1058 383 1125 calcem
403 1054 586 1135 orospedam
595 1075 766 1139 nequeunt,
786 1078 845 1123 non
866 1058 1108 1129 animaduerten-

97 1159 165 1220 tec,
184 1159 234 1204 me
253 1137 303 1202 hic
322 1134 507 1218 generatim!
549 1135 600 1214 ui,
621 1158 674 1202 uec
683 1155 830 1204 creaturas
850 1140 1044 1225 rationales,
1063 1140 1108 1209 nii

105 1221 138 1285 in
158 1220 254 1300 prima
277 1219 319 1283 iui
340 1216 455 1296 origiue
475 1218 522 1296 ine
554 1237 625 1299 are,
646 1220 754 1284 mirum
775 1219 807 1284 iu
827 1220 948 1286 modum
976 1222 1110 1291 nancta·
1145 1252 1148 1257 ·

103 1300 330 1367 docimationem
351 1316 517 1365 veranum.
538 1298 712 1379 Quaerunt,
742 1299 871 1379 notuerit
899 1322 939 1368 ne
962 1302 1058 1371 Deus
1076 1304 1112 1373 ita

105 1381 267 1460 primorum
290 1380 443 1445 hominum
474 1378 641 1445 libertatem
672 1382 852 1459 moderari,
881 1398 916 1451 ut
945 1401 1112 1467 numquam

104 1458 296 1529 deiiedieret?
328 1461 422 1540 Quod
455 1458 474 1525 st
506 1461 623 1541 potuit,
655 1460 771 1527 videtur
799 1462 894 1528 bouus
922 1484 987 1530 uon
1010 1466 1112 1553 iuiiit3

46 1598 50 1605 .
125 1543 155 1607 ui
177 1565 239 1609 non
260 1541 362 1609 iecit.
404 1542 524 1625 Quibus
554 1544 681 1621 primum
715 1544 895 1621 respondeo,
927 1546 1030 1625 muita
1053 1549 1114 1629 qui,

103 1563 171 1689 gem
193 1625 310 1689 efficere
332 1623 432 1685 Deum
453 1623 550 1699 poue,
569 1642 635 1696 ιιι
654 1636 755 1685 tamen
776 1624 892 1685 efficere
913 1644 978 1693 uon
1000 1628 1116 1707 decet,

103 1706 183 1787 quod
204 1705 235 1767 id
246 1702 366 1779 suscepti
386 1701 498 1792 ordinis
507 1697 585 1764 ratio
597 1716 697 1765 vetet.
721 1701 878 1795 Fingamus
909 1704 1116 1787 Deum'ueiia

104 1786 261 1864 globorum
281 1794 558 1846 concatenationem
580 1779 719 1857 efficere,
740 1799 791 1863 qut
812 1799 891 1847 inter
913 1786 942 1849 ie
962 1808 1031 1857 eam
1059 1790 1118 1855 ira.
1151 1841 1156 1857 ,

105 1868 193 1930 beant
212 1862 381 1939 rationem,
401 1881 465 1940 qua
486 1859 525 1924 eii
547 1859 624 1924 inter
653 1860 707 1926 hos
737 1880 875 1929 numeror
902 1869 934 1942 ἐξ
958 1890 991 1953 3.
1013 1884 1043 1951 93
1063 1890 1117 1949 η.

107 1949 159 2011 8ι.
181 1965 251 2025 243.
277 1964 349 2023 719.
368 1941 429 2006 dcc.
450 1937 570 2019 Quaeris
590 1958 626 2004 au
648 1942 734 2031 poisat
754 1961 893 2023 quartum
914 1949 1043 2026 globum
1065 1954 1112 2021 81..

109 2024 227 2089 efficere
248 2022 414 2100 majorem,
435 2038 486 2092 aut
504 2021 671 2086 minorem?
686 2022 773 2102 ‘Quis
789 2024 818 2089 id
827 2027 905 2105 poiie
922 2030 1041 2108 neget?
1063 2030 1117 2099 Sed

108 2125 186 2184 nego
206 2120 305 2169 tamen
326 2101 355 2167 id
376 2101 404 2167 ei
426 2103 516 2166 iicere
536 2120 589 2180 per
608 2102 728 2187 suscepti
750 2106 863 2172 ordinis
882 2108 1044 2190 rationes,
1079 2112 1120 2181 id·¹

108 2205 167 2267 que
186 2206 290 2251 omnes
310 2183 370 2248 iani
392 2180 531 2262 fincipitit
550 2204 667 2249 mecum
682 2188 851 2267 negabunt.

151 2267 269 2333 Deinde
289 2264 327 2329 ab
347 2264 392 2329 iris
410 2264 749 2346 quaro,-ea·iibertas,
767 2286 855 2348 quam
875 2268 935 2345 ita,
955 2280 990 2333 ut
1016 2270 1120 2351 postu·

107 2348 192 2426 iant,
214 2350 298 2413 Deus
319 2348 505 2425 moderatur,
526 2345 647 2412 libertae
667 2348 763 2440 adhuc
790 2350 829 2414 eii
854 2348 949 2414 'finitae
980 2353 1121 2434 mentia,

109 2450 165 2496 uec
185 2434 256 2503 ne?
275 2429 305 2496 Si
327 2448 387 2491 uon
409 2427 468 2504 eii,
490 2426 662 2510 descivimuc
682 2449 742 2506 ram
765 2450 782 2495 a
801 2446 905 2496 natura
914 2451 930 2509 ;
950 2449 1010 2495 nec
1033 2432 1067 2499 iu
1087 2454 1121 2503 aa

111 2509 238 2583 amulius
257 2508 417 2588 quastione
438 2510 611 2587 veniamur,
640 2511 677 2574 de
698 2532 756 2590 qua
777 2513 905 2590 aginus.
926 2509 958 2575 Si
978 2508 1046 2591 est,
1068 2516 1119 2581 de·

109 2586 230 2655 flediere
251 2589 366 2667 potest.
389 2589 524 2653 facultas
543 2610 613 2667 ergo
642 2591 816 2657 deflectendi
838 2614 855 2657 a
878 2590 1120 2661 rectitudinem

109 2668 138 2733 ci
160 2671 322 2747 naturalis,
341 2690 396 2733 uec
416 2685 517 2733 tamen
538 2689 605 2759 cum
630 2670 690 2733 Dei
711 2670 894 2749 sapientia&
915 2671 1120 2757 bonitateuu-

116 2765 209 2831 guat.
234 2751 279 2816 At
300 2768 335 2814 ea
355 2748 395 2813 est
415 2747 501 2825 otigo
522 2750 592 2812 malr
615 2746 752 2818 moralis.

153 2827 274 2907 Aiunt,
295 2829 425 2895 iiberrati
446 2827 552 2893 auferri
561 2848 621 2893 non
632 2828 708 2907 poiie
710 2831 895 2911 facultatem
915 2832 1119 2919 defledieudi3

110 2912 191 2993 nuile
224 2929 324 2977 tamen
344 2908 453 2975 anierri
474 2907 594 2975 adium.
631 2910 744 2994 Pudet,
775 2913 915 2994 inquint,
934 2915 1080 2983 aberrare
1099 2940 1115 2997 ,-

110 2994 159 3060 iad
179 2992 223 3057 ita
243 2993 443 3071 gubernatur,
471 3006 505 3055 ut
524 3006 685 3071 numquam
706 2993 841 3062 aberret.
862 2994 899 3061 id
920 3012 977 3074 ego
994 3000 1119 3080 qunque

113 3074 177 3139 fieri
198 3076 276 3152 posse
295 3072 369 3147 aio.
397 3071 454 3136 Sed
475 3074 644 3152 contendo,
673 3071 694 3137 fi
716 3074 799 3141 Deus
827 3094 864 3141 ea
883 3076 917 3141 dc
937 3092 1056 3163 uaturae
1084 3074 1120 3145 dc

111 3152 407 3303 adamiani}
420 3148 928 3303 'diii‘ssmitciiib⁰iiibiississti⁹
930 3164 1040 3304 '1²25‘AE
1055 3159 1120 3305 ‘id

111 3314 221 3392 odiiie,
235 3256 331 3397 ¹stroiad
362 3277 431 3380 ιιι,
444 3334 479 3379 ea
509 3250 630 3408 iarpgitus
650 3280 716 3396 fit',
744 3318 851 3396 quibus
882 3336 965 3385 certo
984 3317 1086 3411 'staret
1106 3366 1116 3384 .

113 3394 199 3463 Nam
221 3396 281 3461 hac
301 3415 460 3476 utcumque
480 3414 618 3474 minora,
648 3398 713 3464 suut
741 3399 838 3463 adhuc
869 3400 1034 3480 beneficm3
1068 3400 1123 3465 be-

117 3473 228 3543 nefitus
248 3474 342 3555 igitur
359 3481 410 3558 qui
431 3475 502 3559 dat,
521 3478 656 3561 idemque
677 3476 806 3560 sapiens,
826 3477 847 3545 fi
867 3482 910 3548 ita
938 3497 1055 3626 nazurae
1076 3482 1124 3549 iu-

125 3590 128 3595 *
1009 3582 1083 3643 geu-

117 3666 1129 3694 *ww-*manatu-

154 3717 197 3799 (a
206 3719 223 3800 )
243 3727 280 3789 iu
299 3715 386 3791 libris
404 3716 441 3788 dc
460 3717 593 3793 Ordine.
