2430 4118
141 238 202 304 «04
303 216 610 287 eremana.
651 215 919 289 Maraeu.
965 276 968 281 ,

99 332 166 399 flris
184 343 347 408 purgetur,
368 327 537 392 abiturum.
560 328 657 391 Porro
675 323 740 408 quis
752 326 972 397 leratadoratos
985 343 1023 395 ut
1035 329 1112 397 Deo

100 412 218 491 spiritus
240 411 405 488 malignos,
425 407 458 472 ἃ
482 407 687 472 scelellrlsrmo's
717 408 877 476 homines?
908 412 979 477 Nes
1016 409 1114 489 dicant

101 492 273 558 Gentilium
298 491 446 567 Patroni,
467 488 524 554 elle
545 488 605 552 huc
629 489 788 554 Poetarum
820 507 1020 559 commenta.
1052 491 1113 557 Pri·

98 594 182 639 mum
205 576 285 636 enim
308 571 464 639 Aruobins
486 570 576 650 lib.4
599 570 732 635 aduersus
752 588 853 650 gentes
875 571 965 639 solide
987 574 1113 651 probo,

96 657 210 722 Portas
231 655 292 721 lraec
315 673 332 718 a
352 654 462 741 populo
484 646 623 745 accepisse
644 652 774 728 (a),As
794 652 862 718 sane
882 651 1114 721 verifimileaou

96 738 160 812 eli,
182 738 291 805 Poetae
311 734 427 813 populis
447 734 565 810 probari
588 734 712 810 potuisse
730 777 741 811 ,
762 733 813 799 nifi
844 735 947 800 eadem
969 756 1048 812 cum
1069 757 1115 843 pp

98 817 178 899 pulis
198 816 379 883 docuissent.
402 813 522 882 Deinde
542 815 661 894 quidam
684 814 888 896 Philosophi,
918 816 1010 882 uelut
1034 817 1115 885 An·-
1148 818 1151 823 ’

98 920 246 979 xagoras,
266 900 425 974 Socrates,
447 897 645 976 Protagoras,
668 896 865 977 Aristoteles,
885 897 967 978 quod
991 896 1062 966 hren
1080 899 1115 967 ri·

103 979 221 1060 srslent,
243 996 294 1045 aut
315 995 434 1054 morte,
455 994 507 1042 aut
528 977 624 1042 exilio
644 979 780 1044 mulslati
803 980 888 1045 sunt.

144 1061 173 1144 §.
185 1068 214 1127 6.
229 1060 307 1126 Illud
319 1081 402 1143 ,uero
419 1057 617 1152 stupiditatem
640 1079 768 1123 omnem*
784 1059 1029 1141 supergreditur,
1040 1062 1113 1141 quos

99 1159 152 1208 aut
175 1144 258 1209 Deos
279 1141 396 1220 ignotos
416 1138 709 1218 adoraverint,quos
728 1161 767 1204 ne
788 1140 1113 1221 nominequidemro·

98 1245 168 1289 rure
190 1224 315 1301 scirent,
336 1238 387 1285 aut
408 1236 489 1285 certe
510 1219 652 1284 vocabula
675 1222 798 1299 inania,
819 1219 866 1287 seu
887 1221 998 1290 nihili.
1023 1223 1113 1307 Quos

99 1303 211 1386 spesiat
231 1303 267 1367 ad
289 1303 439 1381 primum,
460 1299 631 1366 testificatur
652 1301 747 1366 Lucas
769 1304 799 1365 in
822 1301 912 1370 Asiis
931 1323 1001 1384 sap.
1027 1327 1113 1375 aaut.

98 1407 150 1469 23.
171 1383 373 1451 Athenienses
393 1384 492 1449 Aram
504 1381 626 1460 posuisle
637 1384 742 1462 ignoto
753 1383 841 1449 Deo.
863 1382 1037 1459 Habebunt
1047 1409 1115 1467 pra·

99 1483 182 1530 terea
204 1464 306 1531 Graeci
330 1467 410 1532 Aras
431 1463 536 1544 pofitas
558 1463 628 1529 Diis
647 1462 756 1530 exteris
774 1463 1115 1543 &ignotis3habebaat

92 1543 127 1611 δι
147 1546 303 1628 Romani,
322 1564 355 1612 ut
378 1546 447 1613 Diis
480 1543 584 1623 Anae,
614 1544 686 1611 Diis
714 1545 868 1626 Europa,
899 1545 970 1612 Diis
984 1548 1116 1631 ‚Lybia-

95 1630 219 1707 Nempe
238 1648 331 1709 quum
355 1629 527 1707 plerumque
548 1627 722 1704 ignorarent
742 1645 760 1690 a
778 1626 1034 1708 quopotillrmum
1046 1632 1116 1701 Deo

94 1730 144 1775 res
164 1710 263 1789 aliqua
283 1710 354 1773 ellet
374 1709 526 1785 petenda,
546 1726 584 1770 ne
604 1706 774 1770 aberrarent
805 1706 835 1771 iu
866 1710 1114 1791 precationibus,

54 1796 57 1800 '
96 1791 207 1870 ignotis
227 1791 317 1853 etlam
341 1787 430 1877 Diis,
450 1808 488 1853 ue
509 1785 647 1852 videlicet
669 1784 745 1851 ullus
765 1791 973 1869 exciperetur,
1002 1792 1113 1871 sacrifi.

96 1874 224 1937 cabant.
247 1870 340 1948 Quod
362 1869 398 1934 ad
421 1867 746 1945 alterum,adorabant
768 1870 1010 1951 modificationes
1024 1874 1113 1957 quus,

95 1953 164 2017 dam
187 1972 308 2024 rerum,
329 1967 362 2013 ut
385 1948 544 2026 Tempus,
566 1948 707 2027 Ventos,
727 1949 913 2032 Sanitatem,
928 1955 1110 2037 Fortunam,

98 2034 272 2109 Amorem,
294 2031 440 2108 Merum,
459 2031 491 2093 81
515 2027 641 2107 fimilia,
663 2031 827 2113 dequibus
857 2034 975 2115 copiose
996 2037 1110 2105 diner't

101 2113 220 2176 Vossius
242 2113 271 2177 in
295 2110 470 2189 Theologia
492 2110 631 2175 Gentili.
654 2111 797 2177 Clemens
810 2114 900 2182 Alex.
920 2116 1113 2187 orationeas

97 2194 238 2270 Gentes,
260 2191 416 2261 Amobius
437 2191 572 2256 adversus
589 2191 1118 2276 Gentes,&AuguslinusdeCiui·'

95 2289 160 2341 tate
181 2276 241 2342 Dei
263 2273 377 2339 infinita
401 2273 567 2345 hujusmodi
589 2273 749 2341 deridicula
772 2278 907 2347 Numina
936 2279 1137 2357 suppedirp'

96 2358 190 2426 bunt.
211 2356 401 2421 Proiciamus
421 2354 536 2436 aliquot
569 2353 662 2420 animi
693 2357 788 2434 gratia
809 2381 844 2424 ex
866 2361 1048 2452 Amphio,
1080 2368 1113 2441 ξ

94 2437 291 2518 Augustino,
312 2436 362 2517 qui
382 2455 416 2499 ea
438 2457 474 2502 ex
497 2436 646 2503 Varronis
666 2436 748 2504 libris
768 2438 1003 2521 descripserunt.

175 2528 326 2584 Portunus
342 2515 456 2597 prostat
480 2519 688 2584 commearibus
709 2520 930 2602 navigationes.

79 2618 84 2625 “
173 2601 287 2675 Consus
302 2596 454 2678 salutaria
475 2602 514 2664 (r
527 2599 599 2677 fida
619 2596 737 2679 confilia
753 2603 911 2685 suggerit.

80 2720 83 2728 ‚
173 2682 261 2746 Flora
282 2697 386 2755 curat,
408 2698 439 2742 ut
460 2697 537 2746 arua
550 2679 729 2760 ‚florescann

177 2761 316 2843 segetia,
338 2779 371 2824 ut
387 2760 503 2840 segetes
516 2758 624 2836 felices
641 2763 837 2842 proueniant.

178 2842 277 2920 Uareia
294 2838 391 2920 praest
412 2839 616 2907 unslionibnr.

177 2923 289 2988 cinxia
311 2918 493 3001 cingulorum
515 2921 716 2999 replicationi.

170 3002 297 3080 Vislua,
321 3006 359 3067 (9
382 3010 499 3079 Perua,
511 3001 694 3090 santlrffime
712 3006 826 3075 vibium
853 3027 1016 3100 parumque
1034 3036 1114 3103 pn.¹

249 3103 374 3151 rurant.
981 3138 988 3145 ,

168 3176 308 3234 Lauerna
323 3167 430 3243 ,sarum
450 3162 622 3243 protellrix.

172 3250 296 3312 Bellona
314 3245 548 3327 discordiarum,
570 3244 732 3334 hillarum,
752 3254 792 3319 <l
811 3252 962 3327 rixarum.

169 3328 319 3394 Fluviona
338 3323 435 3408 praest
451 3324 581 3408 fluviis.
659 3358 667 3373 ··
796 3340 802 3351 '

168 3414 298 3474 Pomona
318 3409 430 3475 horris.
665 3420 668 3425 '

168 3487 320 3555 Februrtis
333 3485 489 3568 febribus.

625 3688 1102 3725 *ιιι-...Μ

167 3724 182 3792 s
190 3743 210 3796 a
220 3727 235 3811 )
254 3727 328 3801 Vide
347 3733 388 3807 &
406 3741 488 3823 Aug.
504 3734 542 3807 dr
558 3734 654 3811 ciuir.
671 3736 729 3813 Dri
747 3736 801 3814 lis.
820 3764 868 3814 tv.
941 3816 948 3821 .
