2430 4118
162 225 201 289 32
258 160 269 211 ‘'
343 162 995 270 etemsurssmr-:rnnu'

85 368 88 373 .
122 326 238 381 serrati
257 308 389 392 ‘eorum
408 333 475 393 quae
495 333 556 378 non
577 309 739 404 intelligit,
760 311 798 378 ab
820 299 1138 394 Ecclefiainlelligeni

120 397 201 462 tiam
217 398 317 474 roget.
341 397 447 475 Atque
468 396 510 461 ita
531 391 714 474 intelligendi
748 392 815 460 sont
846 396 867 462 ii
897 397 968 461 sacri
1001 397 1133 463 Codicis

119 475 202 552 loci,
242 477 273 541 ui
293 479 404 541 nosad
426 475 585 544 leslionem
606 475 827 540 exhortantur:
850 477 893 543 ita
915 479 1039 544 Patres.

13 550 22 561 ⁶
161 495 257 623 ΧΧῚ.
279 534 382 639 lam(
394 575 427 625 ut
446 560 481 624 ad
503 552 880 636 propositamquaellioneni
893 559 1071 636 redeamus)
1094 578 1136 625 ne

41 670 52 702 c
119 638 317 718 ambiguitate
326 639 508 719 decipiamur
520 637 677 718 vocabuli,
698 637 913 703 obseruandum
935 642 997 720 esl,
1017 643 1135 719 triplex

20 770 25 776 .
120 719 207 784 llatui
228 719 306 804 polle
327 721 487 800 Scripturac
510 717 717 789 scrutinium.x
738 718 874 785 Primum
896 742 957 801 quo
977 722 1058 786 illios
1080 723 1137 788 do·

118 798 226 867 si'rinae'
243 800 279 866 ad
301 818 436 866 normam
460 800 584 868 rationis
603 799 746 865 naturalis
754 801 932 879 exigantur.
955 800 1134 869 Secundum

117 901 180 963 qno
199 881 409 962 investigetur,
431 878 465 946 sit
485 901 523 945 ne
543 882 575 944 in
596 879 751 960 Scriptura
772 881 824 960 id,
845 884 882 946 de
901 884 1136 964 quo·contendi.·

115 969 187 1028 tur.
221 962 366 1028 Tertium
387 963 458 1040 quid
481 962 620 1044 sequatur
638 982 676 1027 ex
698 961 859 1040 Scripturae
889 965 1096 1051 pronunciatis
1117 992 1135 1048 ,·

117 1045 227 1123 quidve
249 1042 283 1107 srr
304 1040 363 1108 illis
382 1040 568 1123 oppositum.
590 1043 641 1110 Ac
653 1042 782 1122 primum
793 1044 910 1126 quidem
934 1043 1133 1134 scrutinium,

55 1174 58 1178 .
119 1124 168 1189 vel
192 1123 370 1202 intelligitur
390 1125 454 1205 ita,
476 1141 510 1191 ut
531 1124 562 1190 iu
584 1122 856 1204 singulisdodlriols
874 1126 1011 1192 revelatis
1032 1129 1134 1196 olleo.

57 1285 59 1289 Α
115 1203 205 1271 datur
225 1205 299 1269 nihil
319 1205 474 1286 essequod
496 1205 645 1288 principiis
667 1205 755 1274 rettae
776 1207 900 1274 rationis
931 1207 1127 1294 adversetur3

82 1297 85 1302 ·
115 1284 166 1350 vel
187 1286 250 1367 ita,
272 1302 305 1351 ut
326 1285 406 1353 resia
429 1287 508 1353 ratio
529 1285 562 1352 stt
583 1287 717 1367 suprema
746 1307 854 1357 norma
883 1291 1129 1376 credendorum,

112 1362 149 1430 ἃ
171 1387 232 1431 uon
252 1366 465 1432 credendorum
486 1390 523 1433 ex
545 1368 720 1448 Scriptura,
740 1373 820 1451 quod
831 1375 985 1438 contendit
999 1369 1126 1441 -Audior

112 1448 298 1529 Anonymus
308 1448 375 1515 libri
388 1449 607 1531 Phililosopbia
618 1451 775 1532 scriptura
785 1453 950 1534 interpres,
972 1450 1124 1536 acteliqui

113 1527 246 1608 Deiliae,
266 1534 405 1612 quodque
425 1531 487 1612 agit
506 1532 649 1598 Collinus
670 1531 700 1597 in
721 1533 826 1598 libello
844 1536 881 1598 de
902 1534 1127 1619 libertaterngi·

109 1610 222 1677 'eandm
247 1611 351 1678 Primo
361 1615 451 1677 modo
461 1613 632 1679 scrutinium
655 1613 711 1676 hoc
722 1629 874 1689 acceptum
885 1615 995 1692 duplici
1006 1638 1043 1685 ex
1055 1638 1128 1683 cau·

31 1766 35 1777 x
113 1693 204 1758 laeli
226 1692 613 1772 Theologo-necellarium.
636 1692 772 1755 Primum
787 1710 819 1758 ut
841 1691 989 1774 scrupulos
998 1695 1129 1768 tationis

37 1786 46 1817 l
112 1773 300 1852 compescat,
321 1772 471 1852 fidemque
488 1770 663 1837 securiorem
674 1769 792 1853 faciat,
806 1778 885 1856 quod
895 1775 1002 1843 doceor
1015 1779 1128 1858 Orige-

51 1868 54 1875 ’
111 1874 165 1920 oes
184 1852 267 1933 praes.
287 1870 391 1920 contra
413 1852 559 1931 Celsum,
580 1850 610 1920 S.
634 1849 759 1919 Basilius
779 1853 810 1920 in
833 1857 967 1924 sermone
987 1860 1023 1922 de
1044 1858 1128 1940 lide,

111 1935 276 2018 vetustique
288 1934 636 2001 ,Patressermeomnem
659 1933 752 2000 Enim
766 1940 954 2019 vetonequit
974 1939 1129 2008 ellemens

110 2015 233 2098 quieta,
253 2037 319 2096 quac
339 2015 418 2082 aliud
438 2011 490 2081 fibi
513 2014 630 2079 uidetur
640 2014 830 2096 intelligere,
853 2021 1128 2088 aliuddeberecre-

114 2096 186 2162 dere
201 2142 213 2173 ,
231 2096 382 2178 quousque
402 2097 565 2174 doceatur,
597 2097 738 2176 dogmata
760 2097 893 2165 revelata
914 2101 1039 2167 rationis
1058 2105 1129 2180 qoi-

49 2210 52 2260 1
108 2180 177 2243 dem
200 2179 338 2251 humanat
359 2175 643 2256 caprumsoperare,
664 2178 743 2244 relic
753 2195 854 2243 tamen
865 2180 976 2246 rationi
995 2205 1054 2246 non
1066 2182 1126 2245 elle

110 2258 253 2326 adversa.
275 2259 356 2324 Nam
380 2268 413 2324 ut
433 2259 507 2324 libet
525 2257 715 2343 ,voluntatem
739 2259 886 2339 perfidem
911 2262 1122 2328 Deolubmit-

108 2354 182 2418 tas,
205 2339 223 2406 st
245 2356 345 2407 tameo
366 2359 508 2421 apparens
530 2340 753 2422 quaedanratio
773 2341 981 2408 obmurmurat
1003 2358 1126 2426 contra,

68 2477 75 2482 .
108 2421 249 2488 animoa
272 2422 413 2502 scrupulis
428 2437 553 2502 pacatus
572 2421 631 2486 elle
640 2426 826 2502 compotes.
849 2422 1004 2504 Quocirca
1026 2422 1124 2488 utilis·-

107 2501 212 2569 fimum
234 2502 274 2568 ell
292 2504 330 2572 ad
353 2502 499 2582 scrupulos
507 2504 705 2583 quorumdem
715 2504 963 2584 compescendos,
984 2520 1035 2571 aut
1055 2525 1124 2569 eta·
1147 2525 1151 2534 ·

106 2584 267 2660 dicandus,
286 2582 465 2663 ostendere,
478 2585 558 2650 nihil¹
574 2582 631 2648 elle
653 2584 684 2648 io
706 2584 870 2651 christianis
901 2586 1124 2666 dogmatibus,

107 2665 187 2747 quod
207 2684 225 2728 e
245 2663 392 2729 diametro
413 2663 574 2730 coronella
594 2662 854 2745 rarionepugnet‚
876 2669 972 2732 multa
994 2667 1091 2735 lisets
1107 2707 1123 2723 ·

107 2745 247 2826 periore,
267 2747 304 2809 ad
325 2744 478 2831 quartatio
497 2745 682 2809 nullomodo
694 2747 857 2827 pertingit,
877 2768 1000 2830 quaeque
1020 2749 1123 2814 crede-

29 2904 31 2911 Ι
107 2825 329 2907 telitnecelle‚
350 2823 885 2909 quandoillacllerevelatacoollat3
901 2830 1006 2909 inquo
1026 2829 1121 2906 ipsam

103 2906 221 2976 <tesiam
234 2906 381 2974 rationem
403 2906 637 2977 consentientem
659 2905 820 2986 habentus,
840 2910 1005 2987 quaedncer
1017 2911 1120 2976 Deum

105 2991 163 3055 elle
185 2990 359 3069 supremam·
372 2988 542 3067 rationem,
563 2987 695 3068 adeoque
712 2988 741 3054 ei
773 2990 935 3070 parendum
970 2993 1001 3054 in
1022 2995 1123 3059 omni-

105 3073 160 3136 bus
181 3075 272 3138 etiam
295 3069 354 3134 sine
377 3070 437 3136 ulla
458 3069 518 3136 alia
539 3067 678 3151 tatione}
698 3071 790 3136 modo
811 3091 848 3134 cx
871 3069 955 3138 lassis
985 3075 1122 3151 constet,

105 3170 124 3218 ι
147 3155 216 3218 Deo
236 3151 294 3218 esse
315 3152 471 3221 revelata.
495 3149 633 3231 Deinde,
651 3167 700 3217 „ut
720 3151 893 3227 refellantur
926 3153 968 3230 ii,
990 3155 1042 3235 qui
1063 3157 1120 3218 do-

103 3250 174 3302 cent
198 3233 401 3314 Theologiarn
423 3233 609 3299 chrilliaoam
631 3233 688 3297 elle
709 3233 857 3313 principiis
887 3235 965 3300 resin
996 3236 1124 3305 rationis

103 3316 281 3394 aduersam,
301 3316 397 3394 lenm
417 3314 488 3395 quid
509 3315 582 3379 illuc
601 3313 681 3405 ressa
702 3316 778 3381 ratio
800 3315 851 3379 sibi
872 3316 968 3394 velit,
988 3330 1116 3395 quorum
1174 3385 1180 3391 ,

103 3397 137 3463 &
158 3396 231 3460 olim
242 3395 415 3477 loltmagna
434 3396 519 3477 copia
530 3395 725 3476 Gentilium,
746 3395 964 3476 &.Atabum,
985 3400 1023 3463 dc
1039 3417 1123 3465 nuno

102 3477 144 3547 eli
169 3476 360 3544 Deillatunr.
382 3477 493 3561 ltaque
514 3497 607 3559 quum
633 3497 748 3546 veteres
779 3477 963 3558 Apologillae
983 3479 1121 3544 christia-

25 3634 28 3639 ,
102 3581 150 3629 nae
169 3559 242 3637 Reli
263 3557 360 3637 ionis;
384 3574 448 3625 turn
472 3558 511 3626 Β.
533 3558 696 3641 Thomas,
727 3559 838 3642 aliique
869 3559 1067 3635 Scholellici,
1088 3563 1124 3627 dc
1176 3568 1179 3572 “

96 3660 197 3725 ’παρετ
254 3639 380 3723 lreologi
397 3643 514 3722 ceteri,
535 3637 654 3711 hanclo
667 3643 769 3724 primis
790 3642 842 3708 libi
853 3639 1037 3791 prouinciam
1061 3657 1124 3706 tra.

733 3749 737 3755 ⁴
840 3751 844 3759 ¹
935 3755 941 3767 v
974 3787 977 3791 ,
1013 3741 1085 3793 itam
